@misc{shapeless_github,
  title = {{shapeless: generic programming for Scala (GitHub)}},
  howpublished = {\url{https://github.com/milessabin/shapeless}},
  note = {Accessed: 2023-03-13}
}

@misc{shapeless-3_github,
  title = {{shapeless 3 for Scala 3 (GitHub)}},
  howpublished = {\url{https://github.com/typelevel/shapeless-3}},
  note = {Accessed: 2023-03-13}
}

@misc{shapeless2_sort,
  title = {{shapeless 2 sorts subclasses by alphabetical order}},
  howpublished = {\url{https://github.com/milessabin/shapeless/blob/da31eced505d3df9637a3a28825ff31c65a99ffe/core/shared/src/main/scala/shapeless/generic.scala#L412}},
  note = {Accessed: 2023-03-13}
}

@book{小川晃通2021-12-20,
  title={プロフェッショナルIPv6 第2版},
  author={小川晃通},
  publisher={ラムダノート},
  year={2021},
  month={12},
  day={20},
  date={2021-12-20},
  edition={単行本},
  pages={488},
  keywords={プロトコル, Amazon Student ポイント還元(和書), Amazonアプリキャンペーン対象商品(和書), 和書(kindle本を除く), 単行本ストア},
  isbn={978-4908686115},
  isbn10={4908686114},
  url={https://lead.to/amazon/jp/?op=bt&la=ja&key=4908686114},
  url-am={https://www.amazon.co.jp/dp/4908686114/},
  url-ci={https://ci.nii.ac.jp/books/search?advanced=true&isbn=9784908686115},
  url-go={https://books.google.com/books?isbn=9784908686115},
  url-wo={https://www.worldcat.org/search?qt=l2a&q=isbn%3A9784908686115},
  price={￥5,500},
  condition={新品},
  timestamp={2023-07-31},
}